@book{dibona1999opensource,
  title={Open sources: Voices from the open source revolution},
  author={DiBona, Chris and Ockman, Sam},
  year={1999},
  publisher={" O'Reilly Media, Inc."}
}
